<?xml version="1.0" encoding="UTF-8"?><record xmlns="http://www.loc.gov/MARC21/slim" xmlns:cinclude="http://apache.org/cocoon/include/1.0" xmlns:zs="http://www.loc.gov/zing/srw/">
  <leader>00572nz  a2200133n  4500</leader>
  <controlfield tag="001">n  85186461 </controlfield>
  <controlfield tag="003">DLC</controlfield>
  <controlfield tag="005">19861212061608.8</controlfield>
  <controlfield tag="008">861031n| acannaab|          |a aaa |||  </controlfield>
  <datafield tag="010" ind1=" " ind2=" ">
    <subfield code="a">n  85186461 </subfield>
  </datafield>
  <datafield tag="040" ind1=" " ind2=" ">
    <subfield code="a">DLC</subfield>
    <subfield code="c">DLC</subfield>
  </datafield>
  <datafield tag="100" ind1="1" ind2="0">
    <subfield code="a">Gama, Affonso Dionysio,</subfield>
    <subfield code="d">1868-</subfield>
    <subfield code="t">Teoria e praĚtica dos contratos por instrumento particular no direito brasileiro</subfield>
  </datafield>
  <datafield tag="400" ind1="1" ind2="0">
    <subfield code="a">Gama, Affonso Dionysio,</subfield>
    <subfield code="d">1868-</subfield>
    <subfield code="t">Theoria e pratica dos contractos por instrumento particular no direito brasileiro</subfield>
  </datafield>
  <datafield tag="670" ind1=" " ind2=" ">
    <subfield code="a">His Theoria e pratica dos contractos por instrumento particular no direito brasileiro, 1917.</subfield>
  </datafield>
</record>